% Encoding: UTF-8

@Misc{site_mtu_fr,
  howpublished = {\url{https://machine-de-turing.fr/}},
  url          = {https://machine-de-turing.fr/},
}

@Misc{mtu_wikip,
  howpublished = {\url{https://fr.wikipedia.org/wiki/Machine\_de\_Turing\_universelle}},
  url          = {https://fr.wikipedia.org/wiki/Machine\_de\_Turing\_universelle},
}

@Misc{mt_wikip,
  howpublished = {\url{https://fr.wikipedia.org/wiki/Machine\_de\_Turing}},
  url          = {https://fr.wikipedia.org/wiki/Machine\_de\_Turing},
}

@Comment{jabref-meta: databaseType:bibtex;}
